@article{DBLP:journals/logcom/ConsoleDT91,
  author    = {Luca Console and
               Daniele Theseider Dupr{\'{e}} and
               Pietro Torasso},
  title     = {On the Relationship between Abduction and Deduction},
  journal   = {J. Log. Comput.},
  volume    = {1},
  number    = {5},
  pages     = {661--690},
  year      = {1991},
  url       = {http://dx.doi.org/10.1093/logcom/1.5.661},
  doi       = {10.1093/logcom/1.5.661},
  timestamp = {Wed, 29 Jun 2011 15:52:23 +0200},
  biburl    = {http://dblp.dagstuhl.de/rec/bib/journals/logcom/ConsoleDT91},
  bibsource = {dblp computer science bibliography, http://dblp.org}
}

@article{DBLP:journals/tcs/EiterGL97,
  author    = {Thomas Eiter and
               Georg Gottlob and
               Nicola Leone},
  title     = {Abduction from Logic Programs: Semantics and Complexity},
  journal   = {Theor. Comput. Sci.},
  volume    = {189},
  number    = {1-2},
  pages     = {129--177},
  year      = {1997},
  url       = {http://dx.doi.org/10.1016/S0304-3975(96)00179-X},
  doi       = {10.1016/S0304-3975(96)00179-X},
  timestamp = {Wed, 19 Nov 2003 16:10:31 +0100},
  biburl    = {http://dblp.dagstuhl.de/rec/bib/journals/tcs/EiterGL97},
  bibsource = {dblp computer science bibliography, http://dblp.org}
}

@inproceedings{DBLP:conf/ecai/BoothGKRT14,
  author    = {Richard Booth and
               Dov M. Gabbay and
               Souhila Kaci and
               Tjitze Rienstra and
               Leendert W. N. van der Torre},
  title     = {Abduction and Dialogical Proof in Argumentation and Logic Programming},
  booktitle = {{ECAI} 2014 - 21st European Conference on Artificial Intelligence,
               18-22 August 2014, Prague, Czech Republic - Including Prestigious
               Applications of Intelligent Systems {(PAIS} 2014)},
  pages     = {117--122},
  year      = {2014},
  crossref  = {DBLP:conf/ecai/2014},
  url       = {http://dx.doi.org/10.3233/978-1-61499-419-0-117},
  doi       = {10.3233/978-1-61499-419-0-117},
  timestamp = {Thu, 17 Nov 2016 19:38:24 +0100},
  biburl    = {http://dblp.dagstuhl.de/rec/bib/conf/ecai/BoothGKRT14},
  bibsource = {dblp computer science bibliography, http://dblp.org}
}
@proceedings{DBLP:conf/ecai/2014,
  editor    = {Torsten Schaub and
               Gerhard Friedrich and
               Barry O'Sullivan},
  title     = {{ECAI} 2014 - 21st European Conference on Artificial Intelligence,
               18-22 August 2014, Prague, Czech Republic - Including Prestigious
               Applications of Intelligent Systems {(PAIS} 2014)},
  series    = {Frontiers in Artificial Intelligence and Applications},
  volume    = {263},
  publisher = {{IOS} Press},
  year      = {2014},
  isbn      = {978-1-61499-418-3},
  timestamp = {Thu, 11 Sep 2014 15:40:47 +0200},
  biburl    = {http://dblp.dagstuhl.de/rec/bib/conf/ecai/2014},
  bibsource = {dblp computer science bibliography, http://dblp.org}
}

@inproceedings{DBLP:conf/adbt/Clark77,
  author    = {Keith L. Clark},
  title     = {Negation as Failure},
  booktitle = {Logic and Data Bases, Symposium on Logic and Data Bases, Centre d'{\'{e}}tudes
               et de recherches de Toulouse, 1977.},
  pages     = {293--322},
  year      = {1977},
  crossref  = {DBLP:conf/adbt/77},
  timestamp = {Fri, 13 Jan 2017 09:53:53 +0100},
  biburl    = {http://dblp.uni-trier.de/rec/bib/conf/adbt/Clark77},
  bibsource = {dblp computer science bibliography, http://dblp.org}
}
@proceedings{DBLP:conf/adbt/77,
  editor    = {Herv{\'{e}} Gallaire and
               Jack Minker},
  title     = {Logic and Data Bases, Symposium on Logic and Data Bases, Centre d'{\'{e}}tudes
               et de recherches de Toulouse, 1977},
  series    = {Advances in Data Base Theory},
  publisher = {Plemum Press},
  address   = {New York},
  year      = {1978},
  isbn      = {0-306-40060-X},
  timestamp = {Thu, 03 Jan 2002 11:52:25 +0100},
  biburl    = {http://dblp.uni-trier.de/rec/bib/conf/adbt/77},
  bibsource = {dblp computer science bibliography, http://dblp.org}
}
@inproceedings{DBLP:conf/aaai/Pearl87,
  author    = {Judea Pearl},
  title     = {Embracing Causality in Formal Reasoning},
  booktitle = {Proceedings of the 6th National Conference on Artificial Intelligence.
               Seattle, WA, July 1987.},
  pages     = {369--373},
  year      = {1987},
  crossref  = {DBLP:conf/aaai/1987},
  url       = {http://www.aaai.org/Library/AAAI/1987/aaai87-066.php},
  timestamp = {Wed, 12 Dec 2012 15:08:20 +0100},
  biburl    = {http://dblp.uni-trier.de/rec/bib/conf/aaai/Pearl87},
  bibsource = {dblp computer science bibliography, http://dblp.org}
}
@proceedings{DBLP:conf/aaai/1987,
  editor    = {Kenneth D. Forbus and
               Howard E. Shrobe},
  title     = {Proceedings of the 6th National Conference on Artificial Intelligence.
               Seattle, WA, July 1987},
  publisher = {Morgan Kaufmann},
  year      = {1987},
  url       = {http://www.aaai.org/Conferences/AAAI/aaai87.php},
  timestamp = {Thu, 01 Dec 2011 17:16:20 +0100},
  biburl    = {http://dblp.uni-trier.de/rec/bib/conf/aaai/1987},
  bibsource = {dblp computer science bibliography, http://dblp.org}
}
@inproceedings{DBLP:conf/iclp/Eshghi88,
  author    = {Kave Eshghi},
  title     = {Abductive Planning with Event Calculus},
  booktitle = {Logic Programming, Proceedings of the Fifth International Conference
               and Symposium, Seattle, Washington, August 15-19, 1988 {(2} Volumes)},
  pages     = {562--579},
  year      = {1988},
  crossref  = {DBLP:conf/iclp/1988},
  timestamp = {Fri, 29 Nov 2013 14:57:24 +0100},
  biburl    = {http://dblp.uni-trier.de/rec/bib/conf/iclp/Eshghi88},
  bibsource = {dblp computer science bibliography, http://dblp.org}
}
@proceedings{DBLP:conf/iclp/1988,
  editor    = {Robert A. Kowalski and
               Kenneth A. Bowen},
  title     = {Logic Programming, Proceedings of the Fifth International Conference
               and Symposium, Seattle, Washington, August 15-19, 1988 {(2} Volumes)},
  publisher = {{MIT} Press},
  year      = {1988},
  isbn      = {0-262-61056-6},
  timestamp = {Fri, 29 Nov 2013 14:57:24 +0100},
  biburl    = {http://dblp.uni-trier.de/rec/bib/conf/iclp/1988},
  bibsource = {dblp computer science bibliography, http://dblp.org}
}
@inproceedings{DBLP:conf/iclp/GelfondL88,
  author    = {Michael Gelfond and
               Vladimir Lifschitz},
  title     = {The Stable Model Semantics for Logic Programming},
  booktitle = {Logic Programming, Proceedings of the Fifth International Conference
               and Symposium, Seattle, Washington, August 15-19, 1988 {(2} Volumes)},
  pages     = {1070--1080},
  year      = {1988},
  crossref  = {DBLP:conf/iclp/1988},
  timestamp = {Fri, 29 Nov 2013 14:57:24 +0100},
  biburl    = {http://dblp.uni-trier.de/rec/bib/conf/iclp/GelfondL88},
  bibsource = {dblp computer science bibliography, http://dblp.org}
}
@article{DBLP:journals/jacm/GelderRS91,
  author    = {Allen Van Gelder and
               Kenneth A. Ross and
               John S. Schlipf},
  title     = {The Well-Founded Semantics for General Logic Programs},
  journal   = {J. {ACM}},
  volume    = {38},
  number    = {3},
  pages     = {620--650},
  year      = {1991},
  url       = {http://doi.acm.org/10.1145/116825.116838},
  doi       = {10.1145/116825.116838},
  timestamp = {Thu, 29 Nov 2012 10:30:25 +0100},
  biburl    = {http://dblp.uni-trier.de/rec/bib/journals/jacm/GelderRS91},
  bibsource = {dblp computer science bibliography, http://dblp.org}
}
@inproceedings{DBLP:conf/rweb/EiterIK09,
  author    = {Thomas Eiter and
               Giovambattista Ianni and
               Thomas Krennwallner},
  title     = {Answer Set Programming: {A} Primer},
  booktitle = {Reasoning Web. Semantic Technologies for Information Systems, 5th
               International Summer School 2009, Brixen-Bressanone, Italy, August
               30 - September 4, 2009, Tutorial Lectures},
  pages     = {40--110},
  year      = {2009},
  crossref  = {DBLP:conf/rweb/2009},
  url       = {http://dx.doi.org/10.1007/978-3-642-03754-2_2},
  doi       = {10.1007/978-3-642-03754-2_2},
  timestamp = {Mon, 12 Oct 2009 15:28:18 +0200},
  biburl    = {http://dblp.uni-trier.de/rec/bib/conf/rweb/EiterIK09},
  bibsource = {dblp computer science bibliography, http://dblp.org}
}
@proceedings{DBLP:conf/rweb/2009,
  editor    = {Sergio Tessaris and
               Enrico Franconi and
               Thomas Eiter and
               Claudio Gutierrez and
               Siegfried Handschuh and
               Marie{-}Christine Rousset and
               Renate A. Schmidt},
  title     = {Reasoning Web. Semantic Technologies for Information Systems, 5th
               International Summer School 2009, Brixen-Bressanone, Italy, August
               30 - September 4, 2009, Tutorial Lectures},
  series    = {Lecture Notes in Computer Science},
  volume    = {5689},
  publisher = {Springer},
  year      = {2009},
  url       = {http://dx.doi.org/10.1007/978-3-642-03754-2},
  doi       = {10.1007/978-3-642-03754-2},
  isbn      = {978-3-642-03753-5},
  timestamp = {Mon, 12 Oct 2009 15:27:49 +0200},
  biburl    = {http://dblp.uni-trier.de/rec/bib/conf/rweb/2009},
  bibsource = {dblp computer science bibliography, http://dblp.org}
}
@InCollection{sep-abduction,
	author       =	{Douven, Igor},
	title        =	{Abduction},
	booktitle    =	{The Stanford Encyclopedia of Philosophy},
	editor       =	{Edward N. Zalta},
	howpublished =	{\url{https://plato.stanford.edu/archives/win2016/entries/abduction/}},
	note         =  {\url{https://plato.stanford.edu/archives/win2016/entries/abduction/}},
	year         =	{2016},
	edition      =	{Winter 2016},
	publisher    =	{Metaphysics Research Lab, Stanford University}
}
@book{peirce1940philosophical,
  title={Philosophical Writings of Peirce},
  author={Peirce, C.S. and Buchler, J.},
  isbn={9780486202174},
  lccn={56013549},
  series={Dover books on philosophy},
  url={https://books.google.at/books?id=Uq1kDQAAQBAJ},
  year={1940},
  publisher={Dover Publications}
}

@article{dih,
  author    = {Charles Sanders Peirce},
  title     = {Illustrations of the {L}ogic of {S}cience {V}{I}: {D}eduction, {I}nduction, and {H}ypothesis},
  journal   = {The Popular Science Monthly},
  volume    = {13},
  lccn      = {92642492},
  year      = {1878},
  publisher = {D. Appleton}
}

@unpublished{ewbs,
  author    = {Hans Tompits},
  title     = {Introduction to {K}nowledge {B}ased {S}ystems: {A}nswer {S}et {P}rogramming},
  institute = {Vienna University of Technology},
  note      = {Lecture at Vienna University of Technology},
  year      = {2016},
}